@article{istratov_exp_analysis,
	author = {Istratov,Andrei A.  and Vyvenko,Oleg F. },
	title = {Exponential analysis in physical phenomena},
	journal = {Review of Scientific Instruments},
	volume = {70},
	number = {2},
	pages = {1233-1257},
	year = {1999},
	doi = {10.1063/1.1149581},
	URL = {https://doi.org/10.1063/1.1149581},
	eprint = {https://doi.org/10.1063/1.1149581}
}

@article{rp_vak,
	author = {Krylov, Vladimir and Bogachev, Aleksey and Pronin, T.},
	year = {2019},
	month = {05},
	pages = {35-44},
	title = {Deep level relaxation spectroscopy and nondestructive testing of potential defects in the semiconductor electronic component base},
	volume = {29},
	journal = {Radio industry (Russia)},
	doi = {10.21778/2413-9599-2019-29-2-35-44}
}

@book{hands_on_ml,
	author = {Geron, Aurelien},
	title = {Hands-On Machine Learning with Scikit-Learn, Keras, and TensorFlow: Concepts, Tools, and Techniques to Build Intelligent Systems},
	year = {2019},
	isbn = {1492032646},
	publisher = {O'Reilly Media, Inc.},
	edition = {2nd}
}