@article{istratov_exp_analysis,
author = {Istratov,Andrei A.  and Vyvenko,Oleg F. },
title = {Exponential analysis in physical phenomena},
journal = {Review of Scientific Instruments},
volume = {70},
number = {2},
pages = {1233-1257},
year = {1999},
doi = {10.1063/1.1149581},
URL = {https://doi.org/10.1063/1.1149581},
eprint = {https://doi.org/10.1063/1.1149581}
}